@article{andersson2018,
  author={Andersson, Joel AE and Gillis, Joris and Horn, Greg and Rawlings, James B and Diehl, Moritz},
  title={CasADi: a software framework for nonlinear optimization and optimal control},
  journal={Mathematical Programming Computation},
  volume={11},
  number={1},
  pages={1--36},
  year={2019},
  publisher={Springer}
}
@article{wachter2006,
  title={On the implementation of an interior-point filter line-search algorithm for large-scale nonlinear programming},
  author={W{\"a}chter, Andreas and Biegler, Lorenz T},
  journal={Mathematical programming},
  volume={106},
  number={1},
  pages={25--57},
  year={2006},
  publisher={Springer}
}
@article{Committee2016,
  title={2017 - 2020 CODE OF POINTS},
  author={FIG Executive Committee},
  pages={83},
  year={2016},
}
@inproceedings{yeadon1999learning,
  title={Learning how to twist fast},
  author={Yeadon, MR Fred},
  booktitle={Applied Proceedings of the XVIIth International Symposium on Biomechanics in Sports--Acrobatics. School of Biomedical and Sport Sciences, Edith Cowan University, Perth, Western Australia},
  pages={37--47},
  year={1999}
}
@article{yeadon1993biomechanics,
  title={The biomechanics of twisting somersaults Part IV: Partitioning performances using the tilt angle},
  author={Yeadon, Maurice R},
  journal={Journal of Sports Sciences},
  volume={11},
  number={3},
  pages={219--225},
  year={1993},
  publisher={Taylor \& Francis Group}
}
@article{yeadon2013limits,
  title={The limits of aerial twisting techniques in the aerials event of freestyle skiing},
  author={Yeadon, Maurice R},
  journal={Journal of biomechanics},
  volume={46},
  number={5},
  pages={1008--1013},
  year={2013},
  publisher={Elsevier}
}
@article{sanders1995effect,
  title={Effect of ability on twisting techniques in forward somersaults on the trampoline},
  author={Sanders, Ross H},
  journal={Journal of Applied Biomechanics},
  volume={11},
  number={3},
  pages={267--287},
  year={1995}
}
@article{rapp1978trampoline,
  title={Trampoline injuries},
  author={Rapp, George F and Nicely, Paulette G},
  journal={The American journal of sports medicine},
  volume={6},
  number={5},
  pages={269--271},
  year={1978},
  publisher={Sage Publications}
}
@article{bharadwaj2016diver,
  title={The diver with a rotor},
  author={Bharadwaj, Sudarsh and Duignan, Nathan and Dullin, Holger R and Leung, Karen and Tong, William},
  journal={Indagationes Mathematicae},
  volume={27},
  number={5},
  pages={1147--1161},
  year={2016},
  publisher={Elsevier}
}
@article{dullin2016twisting,
  title={Twisting somersault},
  author={Dullin, Holger R and Tong, William},
  journal={SIAM Journal on Applied Dynamical Systems},
  volume={15},
  number={4},
  pages={1806--1822},
  year={2016},
  publisher={SIAM}
}
@article{yeadon2017airborne,
  title={Airborne Movements: Somersaults and Twists},
  author={Yeadon, Maurice R},
  journal={Handbook of Human Motion},
  pages={1--19},
  year={2017},
  publisher={Springer}
}
@article{yeadon2017twist,
  title={Twist limits for late twisting double somersaults on trampoline},
  author={Yeadon, Maurice R and Hiley, Michael J},
  journal={Journal of biomechanics},
  volume={58},
  pages={174--178},
  year={2017},
  publisher={Elsevier}
}
@article{pigeon2003coordinated,
  title={Coordinated turn-and-reach movements. I. Anticipatory compensation for self-generated coriolis and interaction torques},
  author={Pigeon, Pascale and Bortolami, Simone B and DiZio, Paul and Lackner, James R},
  journal={Journal of neurophysiology},
  volume={89},
  number={1},
  pages={276--289},
  year={2003},
  publisher={American Physiological Society Bethesda, MD}
}
@inproceedings{murthy1993optimal,
  title={Optimal control of a somersaulting platform diver: A numerical approach},
  author={Murthy, Nukala V. R. K. N. and Keerthi, S Sathiya},
  booktitle={[1993] Proceedings IEEE International Conference on Robotics and Automation},
  pages={1013--1018},
  year={1993},
  organization={IEEE}
}
@article{koschorreck2012modeling,
  title={Modeling and optimal control of human platform diving with somersaults and twists},
  author={Koschorreck, Jens and Mombaur, Katja},
  journal={Optimization and Engineering},
  volume={13},
  number={1},
  pages={29--56},
  year={2012},
  publisher={Springer}
}
@article{koh2003predicted,
  title={A predicted optimal performance of the Yurchenko layout vault in women’s artistic gymnastics},
  author={Koh, Michael and Jennings, Leslie and Elliott, Bruce and Lloyd, David},
  journal={Journal of applied biomechanics},
  volume={19},
  number={3},
  pages={187--204},
  year={2003}
}
@article{yeadon2000mechanics,
  title={The mechanics of the backward giant circle on the high bar},
  author={Yeadon, Maurice R and Hiley, Michael J},
  journal={Human Movement Science},
  volume={19},
  number={2},
  pages={153--173},
  year={2000},
  publisher={Elsevier}
}
@article{neptune2009modular,
  title={Modular control of human walking: a simulation study},
  author={Neptune, Richard R and Clark, David J and Kautz, Steven A},
  journal={Journal of biomechanics},
  volume={42},
  number={9},
  pages={1282--1287},
  year={2009},
  publisher={Elsevier}
}
@article{higginson2005simulated,
  title={Simulated parallel annealing within a neighborhood for optimization of biomechanical systems},
  author={Higginson, JS and Neptune, Richard R and Anderson, FC},
  journal={Journal of biomechanics},
  volume={38},
  number={9},
  pages={1938--1942},
  year={2005},
  publisher={Elsevier}
}
@article{lee2016generating,
  title={Generating optimal control simulations of musculoskeletal movement using OpenSim and MATLAB},
  author={Lee, Leng-Feng and Umberger, Brian R},
  journal={PeerJ},
  volume={4},
  pages={e1638},
  year={2016},
  publisher={PeerJ Inc.}
}
@article{laschowskioptimal,
  title={OPTIMAL CONTROL OF PARALYMPIC WHEELCHAIR CURLING},
  author={Laschowski, Brock and Mehrabi, Naser and McPhee, John}
}
@article{van2011implicit,
  title={Implicit methods for efficient musculoskeletal simulation and optimal control},
  author={van den Bogert, Antonie J and Blana, Dimitra and Heinrich, Dieter},
  journal={Procedia Iutam},
  volume={2},
  pages={297--316},
  year={2011},
  publisher={Elsevier}
}
@article{fassino2013optimal,
  title={Optimal Control of Differential Equations with Pure State Constraints},
  author={Fassino, Steven Lee},
  year={2013}
}
@article{de2016evaluation,
  title={Evaluation of direct collocation optimal control problem formulations for solving the muscle redundancy problem},
  author={De Groote, Friedl and Kinney, Allison L and Rao, Anil V and Fregly, Benjamin J},
  journal={Annals of biomedical engineering},
  volume={44},
  number={10},
  pages={2922--2936},
  year={2016},
  publisher={Springer}
}
@article{schutte2005evaluation,
  title={Evaluation of a particle swarm algorithm for biomechanical optimization},
  author={Schutte, Jaco F and Koh, Byung-Il and Reinbolt, Jeffrey A and Haftka, Raphael T and George, Alan D and Fregly, Benjamin J},
  journal={Journal of Biomechanical Engineering},
  volume={127},
  number={3},
  pages={465--474},
  year={2005},
  publisher={American Society of Mechanical Engineers}
}
@article{huchez2016differences,
  title={DIFFERENCES BETWEEN EXPERT AND NOVICE GYMNASTS PERFORMANCE OF A COUNTER MOVEMENT FORWARD IN FLIGHT ON UNEVEN BARS.},
  author={Huchez, Aurore and Haering, Diane and Holvoet, Patrice and Barbier, Franck and Begon, Mickael},
  journal={Science of Gymnastics Journal},
  volume={8},
  number={1},
  year={2016}
}
@article{huchez2015local,
  title={Local versus global optimal sports techniques in a group of athletes},
  author={Huchez, Aurore and Haering, Diane and Holvo{\"e}t, Patrice and Barbier, Franck and Begon, Mickael},
  journal={Computer methods in biomechanics and biomedical engineering},
  volume={18},
  number={8},
  pages={829--838},
  year={2015},
  publisher={Taylor \& Francis}
}

@article{hiley2013investigating,
  title={Investigating optimal technique in a noisy environment: application to the upstart on uneven bars},
  author={Hiley, Michael J and Yeadon, Maurice R},
  journal={Human Movement Science},
  volume={32},
  number={1},
  pages={181--191},
  year={2013},
  publisher={Elsevier}
}
@article{yeadon1990simulation,
  title={The simulation of aerial movement—II. A mathematical inertia model of the human body},
  author={Yeadon, Maurice R},
  journal={Journal of biomechanics},
  volume={23},
  number={1},
  pages={67--74},
  year={1990},
  publisher={Elsevier}
}
@book{featherstone2014rigid,
  title={Rigid body dynamics algorithms},
  author={Featherstone, Roy},
  year={2014},
  publisher={Springer}
}
@article{wright1993interior,
  title={Interior point methods for optimal control of discrete time systems},
  author={Wright, Stephen J},
  journal={Journal of Optimization Theory and Applications},
  volume={77},
  number={1},
  pages={161--187},
  year={1993},
  publisher={Springer}
}
@article{leboeuf2006energetic,
  title={Energetic versus sthenic optimality criteria for gymnastic movement synthesis},
  author={Leboeuf, Fabien and Bessonnet, Guy and Seguin, Pascal and Lacouture, Patrick},
  journal={Multibody System Dynamics},
  volume={16},
  number={3},
  pages={213--236},
  year={2006},
  publisher={Springer}
}
@article{boyle2017integration,
  title={The integration of angular velocity},
  author={Boyle, Michael},
  journal={Advances in Applied Clifford Algebras},
  volume={27},
  number={3},
  pages={2345--2374},
  year={2017},
  publisher={Springer}
}
@article{seelen2016improved,
  title={Improved quaternion-based integration scheme for rigid body motion},
  author={Seelen, LJH and Padding, JT and Kuipers, JAM},
  journal={Acta Mechanica},
  volume={227},
  number={12},
  pages={3381--3389},
  year={2016},
  publisher={Springer}
}
@article{andrle2013geometric,
  title={Geometric integration of quaternions},
  author={Andrle, Michael S and Crassidis, John L},
  journal={Journal of Guidance, Control, and Dynamics},
  volume={36},
  number={6},
  pages={1762--1767},
  year={2013},
  publisher={American Institute of Aeronautics and Astronautics}
}
@article{crouch1993numerical,
  title={Numerical integration of ordinary differential equations on manifolds},
  author={Crouch, Peter E and Grossman, R},
  journal={Journal of Nonlinear Science},
  volume={3},
  number={1},
  pages={1--33},
  year={1993},
  publisher={Springer}
}

@article{frohlich1980physics,
  title={The physics of somersaulting and twisting},
  author={Frohlich, Cliff},
  journal={Scientific American},
  volume={242},
  number={3},
  pages={154--165},
  year={1980},
  publisher={Scientific American, a division of Nature America, Inc.}
}
@article{yeadon2014control,
  title={The control of twisting somersaults},
  author={Yeadon, Maurice R and Hiley, Michael J},
  journal={Journal of biomechanics},
  volume={47},
  number={6},
  pages={1340--1347},
  year={2014},
  publisher={Elsevier}
}
@misc{michaud2018biorbd,
    author = {Michaud, Benjamin and Begon, Mickael},
    title = {BIORBD: Toolbox for biomechanical analyses},
    howpublished={Web page},
    url = {https://github.com/pyomeca/biorbd},
    year = {2018}
}
@Article{felis2016rbdl,
  author="Felis, Martin L.",
  title="RBDL: an efficient rigid-body dynamics library using recursive algorithms",
  journal="Autonomous Robots",
  year="2016",
  pages="1--17",
  issn="1573-7527",
  doi="10.1007/s10514-016-9574-0",
  url="http://dx.doi.org/10.1007/s10514-016-9574-0"
}

@article{namdari2012defining,
  title={Defining functional shoulder range of motion for activities of daily living},
  author={Namdari, Surena and Yagnik, Gautam and Ebaugh, D David and Nagda, Sameer and Ramsey, Matthew L and Williams Jr, Gerald R and Mehta, Samir},
  journal={Journal of shoulder and elbow surgery},
  volume={21},
  number={9},
  pages={1177--1183},
  year={2012},
  publisher={Elsevier}
}
@article{bessonnet2005parametric,
  title={A parametric optimization approach to walking pattern synthesis},
  author={Bessonnet, Guy and Seguin, Pascal and Sardain, Philippe},
  journal={The International Journal of Robotics Research},
  volume={24},
  number={7},
  pages={523--536},
  year={2005},
  publisher={SAGE Publications}
}
@inproceedings{kuhlmann2008investigation,
  title={INVESTIGATION OF SHOULDER KINEMATICS IN VOLLEYBALL SPIKES},
  author={Kuhlmann, Claas and Milani, Thomas L and others},
  booktitle={ISBS-Conference Proceedings Archive},
  year={2008}
}
@article{nejadian2008optimization,
  title={Optimization of barbell trajectory during the snatch lift technique by using optimal control theory},
  author={Nejadian, Shahram Lenjan and Rostami, Mostafa and Towhidkhah, Farzad},
  journal={American Journal of Applied Sciences},
  volume={5},
  number={5},
  pages={524--531},
  year={2008}
}

@book{yeadon_2015, 
title={Twisting somersaults}, 
publisher={SB \& MC}, 
author={Yeadon, M. R.}, 
year={2015}
}

@article{aguinaldo2007effects,
  title={Effects of upper trunk rotation on shoulder joint torque among baseball pitchers of various levels},
  author={Aguinaldo, Arnel L and Buttermore, Janet and Chambers, Henry},
  journal={Journal of Applied Biomechanics},
  volume={23},
  number={1},
  pages={42--51},
  year={2007},
  publisher={Human Kinetics, Inc.}
}
